@article{cell:1,
  title = {Rnq1: An Epigenetic Modifier of Protein Function in Yeast},
  shorttitle = {Rnq1},
  author = {Sondheimer, Neal and Lindquist, Susan},
  year = {2000},
  month = jan,
  journal = {Molecular Cell},
  volume = {5},
  number = {1},
  pages = {163--172},
  publisher = {{Elsevier}},
  issn = {1097-2765},
  doi = {10.1016/S1097-2765(00)80412-8},
  url = {https://www.cell.com/molecular-cell/abstract/S1097-2765(00)80412-8},
  urldate = {2024-01-27},
  langid = {american},
  pmid = {10678178}
}

@preprint{cell:2,
  title = {Spatially Distinct Pools of {{TORC1}} Balance Protein Homeostasis},
  author = {De Virgilio, Claudio and Hatakeyama, Riko and {P{\'e}li-Gulli}, Marie-Pierre and Hu, Zehan and Jaquenoud, Malika and Osuna, Guillermo Miguel Garcia and Sardu, Alessandro and Dengjel, J{\"o}rn},
  year = {2018},
  month = dec,
  publisher = {{Mendeley Data}},
  doi = {10.17632/m9s42s94fc.1},
  archiveprefix = {Mendeley Data},
  langid = {american}
}

@incollection{cell:3,
  title = {Dynein Motors: Structure, Mechanochemistry and Regulation},
  shorttitle = {Dynein {{Motors}}},
  booktitle = {Molecular Motors},
  author = {King, Stephen M.},
  editor = {Schliwa, Manfred},
  year = {2002},
  pages = {45--78},
  publisher = {{Wiley-VCH Verlag GmbH}},
  doi = {10.1002/3527601503.ch2},
  url = {https://onlinelibrary.wiley.com/doi/abs/10.1002/3527601503.ch2},
  urldate = {2024-01-27},
  abstract = {This chapter contains sections titled: Introduction Structural Organization of the Motor, Cargo-binding and Regulatory Components Heavy Chains Intermediate Chains Light Intermediate Chains The LC8 Light Chain Class The Tctex1/Tctex2 Light Chain Class The LC7/roadblock Light Chain Class Heavy Chain-associated Regulatory Light Chains Light Chains Associated with Inner Arms I2/3 Mechanochemistry and Motility Dynein Deficiencies and Disease Conclusions},
  copyright = {Copyright {\textcopyright} 2003 Wiley-VCH Verlag GmbH \& Co. KGaA},
  isbn = {978-3-527-60150-9},
  langid = {american}
}

@book{cell:4,
  title = {Molecular and Cellular Approaches to Neural Development},
  editor = {Cowan, W. Maxwell and Jessell, Thomas M. and {S. Lawrence Zipursky}},
  year = {1998},
  month = apr,
  publisher = {{Oxford University Press}},
  doi = {10.1093/acprof:oso/9780195111668.001.0001},
  url = {https://academic.oup.com/book/2106},
  urldate = {2024-01-27},
  abstract = {Abstract. Although the major features of neural development have been known for nearly a century, it is only relatively recently that the underlying molecular a},
  isbn = {978-0-19-986583-3},
  langid = {american}
}

@misc{cell:5,
  title = {Goal 7: {{Ensure}} Access to Affordable, Reliable, Sustainable and Modern Energy for All},
  year = 2024,
  author = {{United Nations}},
  journal = {United Nations Sustainable Development},
  url = {https://www.un.org/sustainabledevelopment/energy/},
  urldate = {2024-01-27},
  abstract = {United Nations Sustainable Development Goals - Time for Global Action for People and Planet},
  langid = {american}
}
