@article{Adams2003,
	title={Is corporate governance different for bank holding companies?},
	author={ Adams, R. B. and Mehran, H. },
	journal={Economic Policy Review},
	volume={9},
	number={Apr},
	pages={123-142},
	year={2003},
}
@article{Adams2007,
	title={A Theory of Friendly Boards},
	author={ Adams, Renee B.  and  Ferreira, D. },
	journal={Journal of Finance},
	volume={62},
	number={1},
	pages={217-250},
	year={2007},
}
@article{ADU2023102736,
	title = {Bank ownership structures and sustainable banking initiatives: The moderating effect of governance mechanism},
	journal = {International Review of Financial Analysis},
	volume = {89},
	pages = {102736},
	year = {2023},
	author = {Douglas A. Adu and Mohammad Zoynul Abedin and Mudassar Hasan},
}
@article{ANDERSON2004327,
	title = {Corporate governance of Japanese banks},
	author = {Christopher W Anderson and Terry L Campbell},
	journal = {Journal of Corporate Finance},
	volume = {10},
	number = {3},
	pages = {327-354},
	year = {2004},
}
@article{Andres2008,
	title={Corporate governance in banking: The role of the board of directors},
	author={ Andres, P. D.  and  Vallelado, E. },
	journal={Journal of Banking and Finance},
	volume={32},
	number={12},
	pages={2570-2580},
	year={2008},
}
@article{AghionTirole1997,
	title={Formal and Real Authority in Organizations},
	author={ Aghion, P.  and  Tirole, J. },
	journal={Journal of Political Economy},
	volume={105},
	number={1},
	pages={1-29},
	year={1997},
}
@article{ALTUNBAS2001,
	title={Bank Ownership and Efficiency.},
	author={ALTUNBAS and YENER and EVANS and LYNNE and MOLYNEUX and PHILIP},
	journal={Journal of Money, Credit and Banking (Ohio State University Press)},
	volume={33},
	number={4},
	pages={926-954},
	year={2001},
}
@article{Arun2004,
	title={Corporate Governance of Banks in Developing Economies: concepts and issues},
	author={ Arun, T. G.  and  Turner, J. D. },
	journal={Corporate Governance: An International Review},
	volume={12},
	number={3},
	pages={371-377},
	year={2004},
}
@article{Berger2005Corporate,
	title={Corporate Governance and Bank Performance. A Joint Analysis of the State, Selection, and Dynamic Effects of Domestic, Foreign, and State Ownership},
	author={Berger and  Allen, N. },
	journal={Social Science Electronic Publishing},
	volume={29},
	number={8-9},
	pages={2179-2221},
	year={2005},
}
@book{BerleAndMeans1932,
	title={The Modern Corporation and Private Property},
	author={A. Berle and G. Means},
	publisher={Chicago: Commerce Clearing House},
	year={1932},
}
@article{Bebchuk2009What,
	title={What Matters in Corporate Governance?},
	author={ Bebchuk, L.  and  Cohen, A.  and  Ferrell, A. },
	journal={Review of Financial Studies},
	volume={22},
	number={2},
	pages={783-827},
	year={2009},
}
@article{Bebchuk2009state,
	title={The State of Corporate Governance Research},
	author={ Bebchuk, Lucian A.  and  Weisbach, M. S. },
	journal={Review of Financial Studies},
	volume={23},
	number={3},
	pages={325-346},
	year={2009},
}
@article{Becht2011Why,
	title={Why bank governance is different},
	author={ Becht, M.  and  Bolton, P.  and  Roeell, Ailsa },
	journal={Oxford Review of Economic Policy},
	volume={27},
	number={3},
	pages={437-463},
	year={2011},
}
@book{Blair1995,
	title={Ownership and control: Rethinking corporate governance for the twenty-first century},
	author={Blair, M.},
	publisher={Washington: Brookings Institution},
	year={1995},
}
@article{BREALEY2019105660,
	title = {The effect of mergers on US bank risk in the short run and in the long run},
	journal = {Journal of Banking and Finance},
	volume = {108},
	pages = {105660},
	year = {2019},
	author = {Richard A Brealey and Ian A Cooper and Evi Kaplanis},
}
@article{BROOK2000141,
	title = {Corporate governance and recent consolidation in the banking industry},
	journal = {Journal of Corporate Finance},
	volume = {6},
	number = {2},
	pages = {141-164},
	year = {2000},
	author = {Yaron Brook and Robert J Hendershott and Darrell Lee},
}
@article{Caprio2007Governance,
	title={Governance and bank valuation},
	author={ Caprio, G.  and  Laeven, L.  and  Levine, R. },
	journal={Journal of Financial Intermediation},
	volume={16},
	number={4},
	pages={584-617},
	year={2007},
}
@article{Ciancanelli2000Corporate,
	title={Corporate Governance in Banking: A Conceptual Framework},
	author={ Ciancanelli, P.  and  Reyes, J. A. },
	journal={Social Science Electronic Publishing},
	year={2000},
}
@article{Coase1937,
	title={The Nature of the Firm},
	author={ Coase, R. H. },
	journal={Economica},
	volume={4},
	number={16},
	pages={386-405},
	year={1937},
}
@article{deAndres2008Corporate,
	title={Corporate governance in banking: The role of the board of directors},
	author={ Andres, P. D.  and  Vallelado, E. },
	journal={Journal of Banking and Finance},
	volume={32},
	number={12},
	pages={2570-2580},
	year={2008},
}
@article{DeYoung2013Executive,
	title={Executive Compensation and Business Policy Choices at U.S. Commercial Banks.},
	author={DeYoung and Robert and Peng and Emma and Y. and Yan and Meng},
	journal={Journal of Financial and Quantitative Analysis},
	volume={46},
	number={1},
	pages={165-196},
	year={2013},
}
@book{DewatripontAndTirole1994,
	title={The Prudential Regulation of Banks},
	author={Dewatripont, M. and Tirole, J. },
	publisher={Cambridge, MA: the MIT Press. },
	year={1994},
}
@article{Diamond1984Financial,
	title={Financial Intermediation and Delegated Monitoring},
	author={ Diamond, D. W. },
	journal={Review of Economic Studies},
	number={3},
	pages={393-414},
	year={1984},
}
@article{Diamond1983Bankrun,
	title={Bank Runs, Deposit Insurance, and Liquidity},
	author={ Diamond, D.W. and Dybvig, P.H.  },
	journal={Journal of Political Economy },
	volume={91},
	number={3},
	pages={401-419},
	year={1983},
}
@article{Fam1980Agency,
	title={Agency Problem and the Theory of the Firm},
	author={ Fama, E.F.  },
	journal={Journal of Political Economy },
	volume={88},
	number={2},
	pages={288-307},
	year={1980},
}
@article{Fama1985What,
	title={What's different about banks?},
	author={ Fama, E. F. },
	journal={Journal of Monetary Economics},
	volume={15},
	number={1},
	pages={29-39},
	year={1985},
}
@article{FamaAndJensen1983,
	title={Separation of Ownership and Control},
	author={ Fama, E.F. and Jensen, M.C.},
	journal={Journal of Law and Economics},
	volume={26},
	number={2},
	pages={301-325},
	year={1983},
}
@article{GrossmanAndHart1986The,
	title={The Costs and Benefits of Ownership: A Theory of Vertical and Lateral Integration},
	author={ Grossman, S. J.  and  Hart, O. D. },
	journal={Journal of Political Economy},
	volume={94},
	number={4},
	pages={691-719},
	year={1986},
}
@article{HaanAndVlahu2016CORPORATE,
	title={CORPORATE GOVERNANCE OF BANKS: A SURVEY},
	author={ Haan, J. D.  and  Vlahu, R. },
	journal={Journal of Economic Surveys},
	volume={30},
	number={2},
	pages={228-277},
	year={2016},
}
@article{LEE2023180,
	title = {Corporate governance and systemic risk: Evidence from Chinese-listed banks},
	journal = {International Review of Economics and Finance},
	volume = {87},
	pages = {180-202},
	year = {2023},
	author = {Chien-Chiang Lee and Yurong Wang and Xiaoming Zhang},
}
@article{MiltonAndArtur2008A,
	title={A Theory of Board Control and Size},
	author={ Milton, H.  and  Artur, R. },
	journal={Review of Financial Studies},
	number={4},
	pages={1797-1832},
	year={2008},
}
@book{Hart1995,
	title={ Firms, Contracts, and Financial Structure},
	author={Hart, O. },
	publisher={London: Oxford University Press},
	year={1995},
}
@article{HartAndMore1990Property,
	title={Property Rights and the Nature of the Firm},
	author={ Hart, O. and Moore, J. },
	journal={Journal of Political Economy},
	volume={98},
	number={6},
	pages={1119-1158},
	year={1990},
}
@article{Jia2009The,
	title={The effect of ownership on the prudential behavior of banks - The case of China},
	author={ Jia, C. },
	journal={Journal of Banking and Finance},
	volume={33},
	number={1},
	pages={77-87},
	year={2009},
}
@article{JensenAndMeckling1976Theory,
	title={Theory of the firm : Managerial behavior, agency costs, and capital structure},
	author={ Jense, M.C. and Meckling, W.H. },
	journal={Journal of Financial Economics},
	volume={3},
	number={4},
	pages={305-360},
	year={1976},
}
@article{JohnsonandLaporta2000,
	title={Tunneling},
	author={ Johnson, S.  and  Porta, R. L.  and  Silanes, Fld  and  Shleifer, A. },
	journal={American Economic Review},
	volume={90},
	number={2},
	pages={22-27},
	year={2000},
}
@article{JohnAndLitov2008Theory,
	title={Corporate Governance and Managerial Risk-Taking},
	author={John, K., Litov, L., and Yeung, B.},
	journal={The Journal of Finance},
	volume={63},
	number={4},
	pages={1679-1728},
	year={2008},
}
@article{JohnAndQian2010Outside,
	title={Outside monitoring and CEO compensation in the banking industry},
	author={ John, K.  and  Mehran, H.  and  Qian, Y. },
	journal={Journal of Corporate Finance},
	volume={16},
	number={4},
	pages={383-399},
	year={2010},
}
@article{JLFS2000Tunelling,
	title={Tunelling},
	author={ Johnson, S., Porta, R. L. and Lopez-De-Silanes, F. },
	journal={American Economic Review},
	volume={90},
	number={2},
	pages={22-27},
	year={2000},
}
@article{Laeven2013Corporate,
	title={Corporate Governance: What's Special About Banks?},
	author={ Laeven, L. },
	journal={Annual Review of Financial Economics},
	volume={5},
	number={1},
	pages={63-92},
	year={2013},
}
@article{Laeven2009,
	title = {Bank governance, regulation and risk taking},
	author = {Laeven, L. and Levine, E. R. },
	journal = {Journal of Financial Economics},
	volume = {93},
	number = {2},
	pages = {259-275},
	year = {2009},
}
@article{LEE2023180,
	title = {Corporate governance and systemic risk: Evidence from Chinese-listed banks},
	journal = {International Review of Economics & Finance},
	volume = {87},
	pages = {180-202},
	year = {2023},
	author = {Chien-Chiang Lee and Yurong Wang and Xiaoming Zhang},
}
@article{LLSV1997,
	title = {Legal Determinants of External Finance},
	author = {Rafael {La Porta} and Florencio Lopez‐de‐Silanes and Andrei Shleifer and robert w. vishny},
	journal = {The Journal of Finance},
	volume={52},
	number={3},
	pages={1131-1150},
	year={1997},
}
@article{LLSV1998,
    title = {Law and Finance},
	author = {Rafael {La Porta} and Florencio Lopez‐de‐Silanes and Andrei Shleifer and robert w. vishny},
	journal = {Journal of Political Economy},
	volume={106},
    number={6},
    pages={1113-1155},
    year={1998},
}
@article{LLSV1999,
	title = {Corporate Ownership Around the World},
	author = {Rafael {La Porta} and Florencio Lopez‐de‐Silanes and Andrei Shleifer and robert w. vishny},
	journal = {The Journal of Finance},
	volume={54},
	number={2},
	pages={471-517},
	year={1999},
}
@article{LLSV2000,
	title = {Investor protection and corporate governance},
	journal = {Journal of Financial Economics},
	volume = {58},
	number = {1},
	pages = {3-27},
	year = {2000},
	author = {Rafael {La Porta} and Florencio Lopez-de-Silanes and Andrei Shleifer and Robert Vishny},
}
@article{LLSV2002a,
	title = {Government Ownership of Banks},
	author = {Rafael {La Porta} and Florencio Lopez-de-Silanes and Andrei Shleifer and Robert Vishny},
	journal = {The Journal of Finance},
	volume = {57},
	number = {1},
	pages = {265-301},
	year = {2002}
}
@article{LLSV2002,
	title = {Investor Protection and Corporate Valuation},
	author = {Rafael {La Porta} and Florencio Lopez-de-Silanes and Andrei Shleifer and Robert Vishny},
	journal = {The Journal of Finance},
	volume = {57},
	number = {3},
	pages = {1147-1170},
	year = {2002}
}
@article{LLZ2003,
	author = {La Porta, Rafael and Lopez-de-Silanes, Florencio and Zamarripa, Guillermo},
	title = "{Related Lending*}",
	journal = {The Quarterly Journal of Economics},
	volume = {118},
	number = {1},
	pages = {231-268},
	year = {2003},
}
@article{Levine2016The,
	title={The Corporate Governance of Banks - a concise discussion of concepts and evidence},
	author={ Levine, R. },
	journal={Policy Research Working Paper},
	number={3},
	pages={91-107},
	year={2016},
}
@article{LIAndSong2013,
	title = {Do bank regulations affect board independence? A cross-country analysis},
	author = {Li Li and Frank M. Song},
	journal = {Journal of Banking and Finance},
	volume = {37},
	number = {8},
	pages = {2714-2732},
	year = {2013},
}
@article{LUAndZhuAndZhang2012,
	title = {Bank discrimination, holding bank ownership, and economic consequences: Evidence from China},
	author = {Zhengfei Lu and Jigao Zhu and Weining Zhang},
	journal = {Journal of Banking and Finance},
	volume = {36},
	number = {2},
	pages = {341-354},
	year = {2012},
}
@article{MaceyAndOHara2003,
	title={The Corporate Governance of Banks},
	author={ Macey, J. R.  and  O'Hara, M. },
	journal={Social Science Electronic Publishing},
    volume = {9},
	number = {1},
	pages = {123-142},
	year = {2003},
}
@article{Mulbert2009,
	title={Corporate Governance of Banks},
	author={Mülbert, P.O.},
	journal={Eur Bus Org Law Rev},
	number = {10},
	pages = {411-436},
	year = {2009},
}
@article{Jnathan1995,
	title = {Corporate Governance and Commercial Banking: A Comparative Examination of Germany, Japan, and the United States},
	author = {Jonathan R. Macey and Geoffrey P. Miller},
	journal = {Stanford Law Review},
	volume = {48},
	number = {1},
	pages = {73--112},
	year = {1995}
}
@article{Randall1989,
	title = {Alternative Mechanisms for Corporate Control},
	author = {Randall Morck and Andrei Shleifer and Robert W. Vishny},
	journal = {The American Economic Review},
	volume = {79},
	number = {4},
	pages = {842--852},
	year = {1989}
}
@article{Morgan2002,
	title = {Rating Banks: Risk and Uncertainty in an Opaque Industry},
	author = {Donald P. Morgan},
	journal = {The American Economic Review},
    volume = {92},
	number = {4},
	pages = {874--888},
	year = {2002}
}
@article{Mullineux2006The,
	title={The corporate governance of banks},
	author={Mullineux and Andy},
	journal={Journal of Financial Regulation and Compliance},
	volume={47},
	number={4},
	pages={375-382},
	year={2006},
}
@article{Oliver1995,
	title = {Corporate Governance: Some Theory and Implications},
	author = {Oliver Hart},
	journal = {The Economic Journal},
	volume = {105},
	number = {430},
	pages = {678--689},
	year = {1995}
}
@article{Polo2007Corporate,
	title={Corporate governance of banks: the current state of the debate.},
	author={ Polo, A. },
	journal={MPRA Paper},
	volume={74},
	number={5},
	pages={150-150},
	year={2007},
}
@article{Prowse1997,
	title = {Corporate Control in Commercial Banks},
	author = {Prowse, S.},
	journal = {Journal of Financial Research},
	volume = {20},
	number = {4},
	pages = {509-527},
	year = {1997},
}
@article{Saunders1990,
	title = {Ownership Structure, Deregulation, and Bank Risk Taking},
	author = { Saunders A.and Strock E. and Travlos N. G. },
	journal = {The Journal of Finance},
	volume = {45},
	number = {2},
	pages = {643--654},
    year = {1990},
}
@article{SV1997,
	title = {A Survey of Corporate Governance},
	author = {Andrei Shleifer and Robert W. Vishny},
	journal = {The Journal of Finance},
	volume = {52},
	number = {2},
	pages = {737--783},
	year = {1997},
}
@article{Tirole2001,
	title = {Corporate Governance},
	author = {Tirole, J.},
	journal = {Econometrica},
	volume = {69},
	number = {1},
	pages = {1-35},
	year = {2001},
}
@article{CHEN2020100720,
	title = {The role of information disclosure in financial intermediation with investment risk},
	journal = {Journal of Financial Stability},
	volume = {46},
	pages = {100720},
	year = {2020},
	author = {Yi Chen and Kai Du},
}
@inbook{Zingales1998,
   author = {Zingales, L.},
   title  = {The New Palgrave Dictionary of Economics and the Law},
   chapter = {Corporate Governance},
   pages   = {497-502},
   publisher = {Macmillan},
   address   = {London},
   year      = {1998},
}
@article{bce2005,
	title={中国上市公司治理结构的实证研究},
	author={白重恩 and 刘俏 and 陆洲 and 宋敏 and 张俊喜} ,
	journal={经济研究},
	number={2},
	pages={81-91},
	year={2005},
	key={bai2chong2en1},
}
@article{cjx2006,
	title={省联社模式:让农信社改革买来“旧体制”},
	author={曹军新} ,
	journal={中国改革},
	number={9},
	pages={72-74},
	year={2006},
	key={cao2jun1xin1},
}
@article{cjx2008,
	title={“花钱买机制”:前期的差距与后续的改进——以江西省联社模式为例},
	author={曹军新} ,
	journal={海南金融},
	number={6},
	pages={55-61},
	year={2008},
	key={cao2jun1xin1},
}
@article{cjx2018,
	title={省联社改革模式研究:次优的丧失与更优的选择——基于机制设计理论的扩展框架},
	author={曹军新 and 唐天伟 and 谢元泰} ,
	journal={经济社会体制比较},
	number={3},
	pages={82-90},
	year={2018},
	key={cao2jun1xin1tang2tian1wei1},
}
@article{ckszj2018,
	title={战略投资者、公司治理与银行绩效——对中国城市商业银行的实证研究},
	author={陈科 and 宋增基} ,
	journal={金融论坛},
	number={12},
	pages={30-36},
	year={2008},
	key={chen2ke1song4zeng1ji1},
}
@article{ctq2012,
	title={近30年公司治理研究的演进路径与重点突破},
	author={曹廷求},
	journal={经济学动态},
	number={4},
	pages={124-132},
	year={2012},
	key={cao2ting2qiu2},
}
@article{ctqclp2012,
	title={城市商业银行治理有效性的实证研究——基于银行治理评价的分析},
	author={曹廷求 and 陈丽萍},
	journal={金融论坛},
	number={12},
	pages={35-41},
	year={2012},
	key={cao2ting2qiu2chen2li4ping2},
}
@article{ctq2005,
	title={治理机制、高管特征与农村信用社经营绩效——以山东省为例的实证分析},
	author={曹廷求 and 段玲玲},
	journal={南开管理评论},
	number={04},
	pages={51-54+57},
	year={2005},
	key={cao2ting2qiu2},
}
@article{ctqzglwh2010,
	title={银行治理、治理机制与治理风险——首届银行治理研讨会综述},
	author={曹廷求 and 张光利 and 位华 and 李维安},
	journal={经济学动态},
	number={9},
	pages={149-154},
	year={2010},
	key={cao2ting2qiu2zhang1guang1li4wei4hua2li3wei2an1},
}
@article{ctqzljyjx2006,
	title={政府股东、银行治理与中小商业银行风险控制——以山东、河南两省为例的实证分析},
	author={曹廷求 and 郑录军 and 于建霞},
	journal={金融研究},
	number={6},
	pages={99-108},
	year={2006},
	key={cao2ting2qiu2zheng4lu4jun1yu2jian4xia2},
}
@book{cylandmy2010,
	title={中国农村金融论纲},
	author={陈雨露 and 马勇},
	publisher={中国金融出版社},
	year={2010},
	key={chen2yu3lu4},
}
@article{czy1996,
	title={美国二十九个州公司法变革的理论背景},
	author={崔之元},
	journal={经济研究},
	number={4},
	pages={35-40+60},
	year={1996},
	key={cui1zhi1yuan2},
}
@book{dbw2009,
	title={农村信用社法人治理研究},
	author={都本伟},
	publisher={中国金融出版社},
	year={2009},
	key={du1ben3wei3},
}
@book{fj2006,
	title={农村合作金融产权制度创新研究——以农村信用社为例},
	author={范静},
	publisher={人民出版社},
	year={2006},
	key={fan4jing4},
}
@article{fxy2016,
	title={农村信用社产权与治理},
	author={冯兴元},
	journal={中国金融},
	number={18},
	pages={58-60},
	year={2016},
	key={feng2xing1yuan2},
}
@article{fxy2017,
	title={论农村信用社系统金融机构的产权、治理与利益},
	author={冯兴元},
	journal={社会科学战线},
	number={2},
	pages={31-40},
	year={2017},
	key={feng2xing1yuan2},
}
@article{fxy2023,
	title={省联社的发展问题与改革路径},
	author={冯兴元 and 燕翔 and 潘长风},
	journal={经济问题},
	number={4},
	pages={1-8},
	year={2023},
	key={feng2xing1yuan2yan1xiang2},
}
@article{fyth2014,
	title={农村商业银行法人治理结构研究——基于共同代理模型的视角},
	author={冯毅 and 唐航},
	journal={农村经济},
	number={7},
	pages={79-82},
	year={2014},
	key={feng2yi4},
}
@phdthesis{gwd2015,
	title={反思与重构——我国中小商业银行公司治理机制再研究},
	author={高旺东},
	school={山东大学},
	year={2015},
	key={gao1wang4dong1},
}
@article{gw2006,
	title={当前农村信用社改革存在的五大问题},
	author={高伟},
	journal={现代经济探讨},
	number={2},
	pages={41-43},
	year={2006},
	key={gao1wei3},
}
@phdthesis{hf2011,
	title={中国商业银行公司治理机制研究},
	author={韩非},
	school={西北大学},
	year={2011},
	key={han2fei1},
}
@article{hg2008,
	title={“省联社”模式:理论基础、制度缺陷与改革建议},
	author={黄革},
	journal={海南金融},
	number={10},
	pages={17-20},
	year={2008},
	key={huang2ge2},
}
@article{hgw2009,
	title={农村信用社制度变迁:困境与路径选择},
	author={何广文},
	journal={经济与管理研究},
	number={01},
	pages={50-54},
	year={2009},
	key={he2guang3wen2},
}
@book{hgw2017,
	title={中小商业银行公司治理与绩效研究},
	author={何广文 and 何婧 and 郭沛 and 张睿 and 卓先光},
	publisher={中国金融出版社},
	year={2017},
	key={he2guang3wen2},
}
@article{hgw2015,
	title={农村商业银行股权结构与其经营风险、经营绩效关系研究},
	author={何婧 and 何广文},
	journal={农业经济问题},
	volume={036},
	number={012},
	pages={65-74},
	year={2015},
	key={he2jing4he2guang3wen2},
}
@article{hsa2011,
	title={对公司治理基本理论问题的重新思考——基于商业银行特殊性的分析},
	author={黄少安},
	journal={理论学刊},
	number={8},
	pages={54-56},
	year={2011},
	key={huang2shao4an1},
}
@article{hz2006,
	title={论银行业公司治理的特殊性},
	author={洪正},
	journal={经济评论},
	number={06},
	pages={125-133},
	year={2006},
	key={hong2zheng4},
}
@article{jjrgph2015,
	title={市场约束对银行风险承担行为的影响——基于股权结构异质性的视角},
	author={江俊蓉 and 宫鹏浩},
	journal={经济评论},
	number={06},
	pages={68-72},
	year={2015},
	key={jiang1jun4rong2},
}
@article{lhmzs2014,
	title={中国农村信用社改革后的绩效评价及提升方向——基于三阶段DEA模型BCC分析法的实证研究},
	author={蓝虹 and 穆争社},
	journal={金融研究},
	number={04},
	pages={63-82},
	year={2014},
	key={lan2hong2},
}
@article{lhmzs2016-1,
	title={我国农村信用社改革绩效评价——基于三阶段DEA模型Malmquist指数分析法},
	author={蓝虹 and 穆争社},
	journal={金融研究},
	number={06},
	pages={159-175},
	year={2016},
	key={lan2hong2},
}
@article{lhmzs2016-2,
	title={论省联社淡出行政管理的改革方向},
	author={蓝虹 and 穆争社},
	journal={中央财经大学学报},
	number={07},
	pages={56-61},
	year={2016},
	key={lan2hong2},
}
@article{lwactq2003,
	title={商业银行公司治理:理论模式与我国的选择},
	author={李维安 and 曹廷求},
	journal={南开学报:哲学社会科学版},
	number={01},
	pages={42-50},
	year={2003},
	key={li3wei2an1},
}
@article{lwactq2004,
	title={商业银行公司治理:理论模式与我国的选择},
	author={李维安 and 曹廷求},
	journal={经济研究},
	number={12},
	pages={4-15},
	year={2004},
	key={li3wei2an1},
}
@article{lwactq2005,
	title={商业银行公司治理--基于商业银行特殊性的研究},
	author={李维安 and 曹廷求},
	journal={南开学报(哲学社会科学版)},
	year={2005},
	key={li3wei2an1},
}
@article{lyh2008,
	title={股权结构与商业银行绩效:国际比较与我国实证},
	author={李艳虹},
	journal={金融研究},
	number={11},
	pages={138-145},
	year={2008},
	key={li3yan4hong2},
}
@article{lm2010,
	title={国际金融危机中银行公司治理的主要问题及启示},
	author={廖岷},
	journal={国际金融研究},
	number={05},
	pages={61-68},
	year={2010},
	key={liao4min3},
}
@article{liudanzhangbin2018,
	title={股权结构与农村商业银行二元绩效研究},
	author={刘丹 and 张兵},
	journal={农业经济问题},
	number={2},
	pages={60-70},
	year={2018},
	key={liu2dan1},
}
@article{lhy2007,
	title={商业银行公司治理的监管与评价},
	author={刘宏宇},
	journal={国际金融研究},
	number={1},
	pages={35-40},
	year={2007},
	key={liu2hong2yu3},
}
@article{ll2003,
	title={以行政资源和市场资源重塑三层次农村金融服务体系},
	author={陆磊},
	journal={金融研究},
	number={6},
	pages={106-114},
	year={2003},
	key={lu4lei3},
}
@article{ll2005,
	title={走在十字路口的农村信用社改革:一个中期评估},
	author={陆磊},
	journal={南方金融},
	number={10},
	pages={6-12},
	year={2005},
	key={lu4lei3},
}
@article{lldjf2006,
	title={中国农村合作金融转型的理论分析},
	author={陆磊 and 丁俊峰},
	journal={金融研究},
	number={6},
	pages={1-14},
	year={2006},
	key={lu4lei3ding1jun4feng1},
}
@phdthesis{lrr2013,
	title={我国农村信用社改革研究},
	author={罗然然},
	school={西南财经大学},
	year={2013},
	key={luo2ran2ran2},
}
@article{mzf2001a,
	title={国际农村合作金融发展经验及其启示},
	author={马忠富},
	journal={中国农村经济},
	number={5},
	pages={72-78},
	year={2001},
	key={ma3zhong1fu4},
}
@article{mzf2001b,
	title={农村信用合作社改革成本及制度创新},
	author={马忠富},
	journal={金融研究},
	number={4},
	pages={11-23},
	year={2001},
    key={ma3zhong1fu4},
}
@article{mzslh2007,
	title={论农村信用社法人治理结构的特征},
	author={穆争社 and 蓝虹},
	journal={金融研究},
	number={1},
	pages={12-27},
	year={2007},
    key={mu4zheng1she4},
}
@article{pm2006,
	title={商业银行公司治理:一个基于银行业特征的理论分析},
	author={潘敏},
	journal={金融研究},
	number={3},
	pages={37-47},
	year={2006},
	key={pan1min3},
}
@article{pm2008,
	title={商业银行董事会治理:特征与绩效——基于美国银行业的实证研究},
	author={{潘敏} and {李义鹏}},
	journal={金融研究},
	number={07},
	pages={133-144},
	year={2008},
	key={pan1min3li3yi4peng2},
}
@phdthesis{sl2018,
	title={2003年以来的农村信用社改革政策和效果评估的研究},
	author={孙磊},
	school={中国人民大学},
	year={2018},
	key={sun1lei3},
}
@article{txmszjytf2010,
	title={中国上市银行股权结构与经营绩效的实证分析},
	author={谭兴民 and 宋增基 and 杨天赋},
	journal={金融研究},
	number={11},
	pages={144-154},
	year={2010},
	key={tan2xing1min2song4zeng1ji1yang2tian1fu4},
}
@article{tyq2019,
	title={价格竞争对农村商业银行风险承担的影响研究——基于贷款利率市场化视角},
	author={田雅群 and 何广文 and 张正平},
	journal={农村经济},
	number={09},
	pages={75-84},
	year={2019},
	key={tian2ya3qun2},
}
@article{ssppxbq2020,
	title={农村金融省联社模式改革路径研究——基于演化博弈模型},
	author={单双 and 彭澎 and 肖斌卿},
	journal={安徽师范大学学报（人文社会科学版）},
	number={03},
	pages={147-157},
	year={2020},
	key={shan4shuang1peng2peng2xiao1bin1qing1},
}
@article{ssl2007,
	title={对商业银行公司治理特殊性的分析},
	author={史生丽},
	journal={企业经济},
	number={06},
	pages={149-151},
	year={2007},
	key={shi3sheng1li4},
}
@article{szjcqzzy2007,
	title={上市银行董事会治理与银行绩效},
	author={宋增基 and 陈全 and 张宗益},
	journal={金融论坛},
	number={05},
	pages={35-40},
	year={2007},
	key={song4zeng1ji1chen2quan2zhang1zong1yi4},
}
@article{wxljtwy2011,
	title={商业银行公司治理结构与经营绩效研究},
	author={王希 and 刘吉田 and 王瑶},
	journal={商业研究},
	number={12},
	pages={95-99},
	year={2011},
	key={wang2xi1liu2ji2tian2wang2yao2},
}
@phdthesis{wjw2012,
	title={我国中小商业银行公司治理问题研究},
	author={王珺威},
	school={东北财经大学},
	year={2012},
	key={wang2jun1wei1},
}
@article{wsg2004,
	title={中国西部地区农村信用社的治理结构、行为与业绩研究},
	author={汪三贵 and 李莹星},
	journal={农业经济问题},
	volume={24},
	number={6},
	pages={38-42},
	year={2004},
	key={wang1san1gui4},
}
@article{wangwenlish2015,
	title={农村信用社最优股权结构问题研究——基于双重委托代理理论的实证分析},
	author={王文莉 and 孙倩 and 胡平仂},
	journal={宏观经济研究},
	number={11},
    pages={93-105},
	year={2015},
	key={wang2wen2li4},
}
@article{wangxiuli2012,
	title={完善中国农村信用社外部治理的思考},
	author={王秀丽},
	journal={南方金融},
	number={2},
	pages={49-53},
	year={2012},
	key={wang2xiu4li4},
}
@phdthesis{wxl2011,
	title={中国农村信用社法人治理研究},
	author={王秀丽},
	school={辽宁大学},
	year={2011},
	key={wang2xiu4li4},
}
@book{wzx2015,
	title={后危机时代中国金融监管改革探索},
	author={王兆星},
	publisher={中国金融出版社},
	year={2015},
	key={wang2zhao4xing1},
}
@book{xdr2001,
	title={企业剩余索取权：分享安排与剩余计量},
	author={谢德仁},
	publisher={上海人民出版社和上海三联书店},
	year={2001},
	key={xie4de2ren2},
}
@article{xhlp2019,
	title={金融监管与公司治理视角下的农村信用社省联社改革研究},
	author={谢宏 and 李鹏},
	journal={农业经济问题},
	number={2},
	pages={101-107},
	year={2019},
	key={xie4hong2li3peng2},
}
@article{xhjgdx2019,
	title={利率市场化、存款保险制度与银行风险承担——基于市场约束的研究},
	author={项后军 and 郜栋玺},
	journal={南方经济},
	number={08},
	pages={1-20},
	year={2019},
	key={xiang4hou4jun1},
}
@article{xq2005,
	title={商业银行公司治理的特殊性及其政策含义},
	author={夏秋 and 黄荣冬},
	journal={经济社会体制比较},
	number={2},
	pages={38-44},
	year={2005},
	key={xia4qiu1huang2rong2dong1},
}
@article{xp2001,
	title={中国农村信用合作社体制改革的争论},
	author={谢平},
	journal={金融研究},
	number={1},
	pages={1-13},
	year={2001},
	key={xie4ping2},
}
@article{xp2006,
	title={农村信用社改革绩效评价},
	author={谢平 and 徐忠 and 沈明高},
	journal={金融研究},
	number={1},
	pages={23-39},
	year={2006},
	key={xie1ping2xu2zhong1shen3ming2gao1},
}
@article{xp2019,
	title={中国农村金融改革的回顾、反思与展望},
	author={谢平 and 刘海二},
	journal={南方金融},
	number={3},
	pages={3-11},
	year={2019},
	key={xie4ping2liu2hai3er2},
	lang={chinese}
}
@article{xfw2010,
	title={中国农村信用社合理股权结构模式初探——以江苏省为例},
	author={邢芙伟},
	journal={中国农村观察},
	number={1},
	pages={50-60},
	year={2010},
	key={xing2fu2wei3},
}
@article{xsd2006,
	title={农村信用社改革的“路径依赖”问题},
	author={许圣道},
	journal={金融研究},
	number={9},
	pages={37-42},
	year={2009},
	key={xu3sheng4dao4},
}
@article{xylwyy2012,
	title={董事会特征、公司治理与银行绩效——基于我国14家商业银行面板数据的实证分析},
	author={席艳玲 and 吴英英},
	journal={现代管理科学},
	number={9},
	pages={47-50},
	year={2012},
	key={xi2yan4ling2wu2ying1ying1},
}
@article{ydycyx2007,
	title={中国上市银行股权结构与绩效的实证研究},
	author={杨德勇 and 赵彩霞},
	journal={金融研究},
	number={5},
	pages={87-97},
	year={2007},
	key={yang2de2yong3zhao4cai3xia2},
}
@article{yqm2005,
	title={银行业公司治理与外部监管},
	author={阎庆民},
	journal={金融研究},
	number={9},
	pages={84-95},
	year={2005},
	key={yan2qing4min2},
}
@article{yq2007,
	title={我国商业银行公司治理现状及问题研究},
	author={于倩},
	journal={时代金融},
	number={1},
	pages={60-61},
	year={2007},
	key={yu2qian4},
}
@article{yy2005,
	title={金融机构自律机制的博弈分析},
	author={袁宜},
	journal={世界经济},
	number={10},
	pages={41-50},
	year={2005},
	key={yuan2yi2},
}
@book{yy2008,
	title={商业银行的公司治理:特殊性与治理安排},
	author={袁宜},
	publisher={社会科学文献出版社},
	year={2008},
	key={yuan2yi2},
}
@article{zjw2002,
	title={中国商业银行的公司治理模式选择:"股东至上主义"到"债权人主义"},
	author={张建伟 and 李妍},
	journal={管理世界},
	number={9},
	pages={28-36},
	year={2002},
	key={zhang1jian4wei3li3yan2},
}
@phdthesis{zm,
	title={银行公司治理结构与治理效果关系研究},
	author={张湄},
	school={复旦大学},
	year={2010},
	key={zhang1mei2},
}
@article{zrh2020,
	title={省联社管理及其对农信社效率提升的影响:理论与实证研究},
	author={张瑞怀 and 孙涌 and 李家鸽 and 任丹妮 and 郑六江},
	journal={金融研究},
	number={10},
	pages={178-184},
	year={2020},
	key={zhang1rui4huai2},
}
@article{zsmdhdcyb2012,
	title={城市商业银行股权结构与绩效关系及作用机制研究},
	author={赵尚梅 and 杜华东 and 车亚斌},
	journal={财贸经济},
	number={07},
	pages={39-48},
	year={2012},
	key={zhao4sheng4min2chen2qian4},
}
@article{zsmcj2019,
	title={存款保险制度能够降低银行风险吗？——基于116个国家面板数据的研究},
	author={赵胜民 and 陈蒨},
	journal={国际金融研究},
	number={07},
	pages={56-65},
	year={2019},
	key={zhao4sheng4min2chen2qian4},
}
@article{zxp2005,
	title={论省联社行业管理下的农信社法人治理},
	author={祝晓平},
	journal={金融研究},
	number={10},
	pages={178-184},
	year={2005},
	key={zhu4xiao3ping2},
}
@article{zsyzwp2007,
	title={论农村信用社“省联社”模式——理论依据、缺陷及实施建议},
	author={周素彦 and 周文平},
	journal={金融教学与研究},
	number={5},
	pages={10-14},
	year={2007},
	key={zhou1su4yan4zhou1wen2ping2},
}
@article{zzg2006,
	title={外部控制、内部治理与整合——公司治理机制理论研究文献综述},
	author={郑志刚},
	journal={南大商学评论},
	number={2},
	pages={74-101},
	year={2006},
	key={zheng4zhi4gang1},
}
@article{zzg2010,
	title={对公司治理内涵的重新认识},
	author={郑志刚},
	journal={金融研究},
	number={8},
	pages={184-198},
	year={2010},
	key={zheng4zhi4gang1},
}
@article{zzg2007,
	title={国有商业银行公司治理机制的有效性评估},
	author={郑志刚 and 范建军},
	journal={金融研究},
	number={6},
	pages={53-62},
	year={2007},
	key={zheng4zhi4gang1fan4jian4jun1},
}
@article{zzg2019,
	title={从“股东”中心到“企业家”中心:公司治理制度变革的全球趋势},
	author={郑志刚},
	journal={金融评论},
	number={1},
	pages={58-72},
	year={2019},
	key={zheng4zhi4gang1},
}
@article{zys2016,
	title={农村商业银行股权结构、信贷行为与经营绩效——以江苏省为例},
	author={周月书 and 韩乔},
	journal={中国农村观察},
	number={1},
	pages={51-62},
	year={2016},
	key={zhou1yue4shu1han2qiao2},
}
@book{zwy2005,
	title={产权、激励与公司治理},
	author={张维迎},
	publisher={经济科学出版社},
	year={2005},
	key={zhang1wei2ying2},
}
@article{zwy1996,
	title={所有制、治理结构及委托—代理关系———兼评崔之元和周其仁的一些观点},
	author={张维迎},
	journal={经济研究},
	number={9},
	pages={3-15},
	year={1996},
	key={zhang1wei2ying2},
}
@book{xz2020,
	title={中国的根基 农村金融重构与改革视角},
	author={徐忠},
	publisher={中信出版集团},
	year={2020},
	key={xu2zhong1},
}
@article{ll2002,
	title={论合作金融的混合治理结构——从法国农业信贷银行的制度变迁看中国农村信用社体制改革},
	author={陆磊},
	journal={金融研究},
	number={7},
	pages={1-9},
	year={2002},
	key={lu4lei3},
}
@article{zqr1996,
	title={市场里的企业:一个人力资本与非人力资本的特别合约},
	author={周其仁},
	journal={经济研究},
	number={6},
	pages={71-80},
	year={1996},
	key={zhou1qi2ren2},
}
@article{zxc2004,
	title={关于农村金融改革的几点思路},
	author={周小川},
	journal={经济学动态},
	number={8},
	pages={10-15},
	year={2004},
	key={zhou1xiao3chuan1},
}
@article{zsyandzwp2007,
	title={论农村信用社"省联社"模式——理论依据,缺陷及实施建议},
	author={周素彦 and 周文平},
	journal={金融教学与研究},
	number={5},
	pages={10-14},
	year={2007},
	key={zhou1su4yan4zhou1wen2ping2},
}